@BOOK{hollister_1992,
  AUTHOR = "S.J. Hollister, N. Kikuchi",
  TITLE = "A comparison of homogenization and standard mechanics analyses for periodic porous composites",
  PUBLISHER = {Springer-Verlag},
  YEAR = 1992}

@BOOK{suquet_1985,
  AUTHOR = "P.M. Suquet",
  TITLE = "Elements of homogenization for inelastic solid mechanics",
  YEAR = 1985}
